@article{Collobert,
 author = {Collobert, Ronan and Weston, Jason and Bottou, L{\'e}on and Karlen, Michael and Kavukcuoglu, Koray and Kuksa, Pavel},
 title = {Natural Language Processing (Almost) from Scratch},
 journal = {J. Mach. Learn. Res.},
 issue_date = {2/1/2011},
 volume = {12},
 month = nov,
 year = {2011},
 issn = {1532-4435},
 pages = {2493--2537},
 numpages = {45},
 url = {http://dl.acm.org/citation.cfm?id=1953048.2078186},
 acmid = {2078186},
 publisher = {JMLR.org},
} 

@inproceedings{Turian,
 author = {Turian, Joseph and Ratinov, Lev and Bengio, Yoshua},
 title = {Word Representations: A Simple and General Method for Semi-supervised Learning},
 booktitle = {Proceedings of the 48th Annual Meeting of the Association for Computational Linguistics},
 series = {ACL '10},
 year = {2010},
 location = {Uppsala, Sweden},
 pages = {384--394},
 numpages = {11},
 url = {http://dl.acm.org/citation.cfm?id=1858681.1858721},
 acmid = {1858721},
 publisher = {Association for Computational Linguistics},
 address = {Stroudsburg, PA, USA},
} 

@incollection{Mnih,
title = {Learning word embeddings efficiently with noise-contrastive estimation},
author = {Mnih, Andriy and Kavukcuoglu, Koray},
booktitle = {Advances in Neural Information Processing Systems 26},
editor = {C.J.C. Burges and L. Bottou and M. Welling and Z. Ghahramani and K.Q. Weinberger},
pages = {2265--2273},
year = {2013},
publisher = {Curran Associates, Inc.},
url = {http://papers.nips.cc/paper/5165-learning-word-embeddings-efficiently-with-noise-contrastive-estimation.pdf}
}

@incollection{CBOW, 
    Author = {Tomas Mikolov and Ilya Sutskever and Kai Chen and Greg S. Corrado and Jeff Dean}, 
    Url = {http://media.nips.cc/nipsbooks/nipspapers/paper_files/nips26/1421.pdf}, 
    Booktitle = {Advances in Neural Information Processing Systems 26}, 
    Title = {Distributed Representations of Words and Phrases and their Compositionality}, 
    Editor = {C.j.c. Burges and L. Bottou and M. Welling and Z. Ghahramani and K.q. Weinberger}, 
    Year = {2013}, 
    Pages = {3111--3119} 
   }

@inproceedings{Lillian,
 author = {Pereira, Fernando and Tishby, Naftali and Lee, Lillian},
 title = {Distributional Clustering of English Words},
 booktitle = {Proceedings of the 31st Annual Meeting on Association for Computational Linguistics},
 series = {ACL '93},
 year = {1993},
 location = {Columbus, Ohio},
 pages = {183--190},
 numpages = {8},
 url = {http://dx.doi.org/10.3115/981574.981598},
 doi = {10.3115/981574.981598},
 acmid = {981598},
 publisher = {Association for Computational Linguistics},
 address = {Stroudsburg, PA, USA},
} 

@article{LDA,
 author = {Blei, David M. and Ng, Andrew Y. and Jordan, Michael I.},
 title = {Latent Dirichlet Allocation},
 journal = {J. Mach. Learn. Res.},
 issue_date = {3/1/2003},
 volume = {3},
 month = mar,
 year = {2003},
 issn = {1532-4435},
 pages = {993--1022},
 numpages = {30},
 url = {http://dl.acm.org/citation.cfm?id=944919.944937},
 acmid = {944937},
 publisher = {JMLR.org},
} 

@inproceedings{Socher,
 author = {Huang, Eric H. and Socher, Richard and Manning, Christopher D. and Ng, Andrew Y.},
 title = {Improving Word Representations via Global Context and Multiple Word Prototypes},
 booktitle = {Proceedings of the 50th Annual Meeting of the Association for Computational Linguistics: Long Papers - Volume 1},
 series = {ACL '12},
 year = {2012},
 location = {Jeju Island, Korea},
 pages = {873--882},
 numpages = {10},
 url = {http://dl.acm.org/citation.cfm?id=2390524.2390645},
 acmid = {2390645},
 publisher = {Association for Computational Linguistics},
 address = {Stroudsburg, PA, USA},
} 